% Encoding: UTF-8

@Article{Verwer1999,
  author    = {Verwer, Jan G. and Spee, Edwin J. and Blom, Joke G. and Hundsdorfer, Willem},
  journal   = {SIAM journal on scientific computing},
  title     = {A second-order {R}osenbrock method applied to photochemical dispersion problems},
  year      = {1999},
  number    = {4},
  pages     = {1456--1480},
  volume    = {20},
  doi       = {10.1137/S1064827597326651},
  publisher = {SIAM},
}

@TechReport{MPIMD11-06,
  author      = {Hermann Mena and Peter Benner},
  institution = {Max Planck Institute Magdeburg},
  title       = {Rosenbrock methods for solving differential {Ri}ccati equations},
  year        = {2011},
  month       = oct,
  note        = {Available from \url{https://www.mpi-magdeburg.mpg.de/preprints/}},
  number      = {MPIMD/11-06},
  type        = {Preprint},
}

@TechReport{MPIMD12-13,
  author      = {Peter Benner and Hermann Mena},
  institution = {Max Planck Institute Magdeburg},
  title       = {Numerical solution of the Infinite-Dimensional {LQR}-Problem and the associated Differential {R}iccati Equations},
  year        = {2012},
  month       = aug,
  note        = {Available from \url{https://www.mpi-magdeburg.mpg.de/preprints/}},
  number      = {MPIMD/12-13},
  type        = {Preprint},
}

@Article{Lang2015,
  author    = {Lang, Norman and Mena, Hermann and Saak, Jens},
  journal   = {Linear Algebra and its Applications},
  title     = {On the benefits of the $LDL^T$ factorization for large-scale differential matrix equation solvers},
  year      = {2015},
  pages     = {44--71},
  volume    = {480},
  doi       = {10.1016/j.laa.2015.04.006},
  publisher = {Elsevier},
}


@Book{Lang2018,
  author    = {Lang, Norman},
  publisher = {Logos Verlag Berlin GmbH},
  title     = {Numerical methods for large-scale linear time-varying control systems and related differential matrix equations},
  year      = {2018},
  isbn      = {978-3-8325-4700-4},
}

@Article{DrWatson,
  author    = {Datseris, George and Isensee, Jonas and Pech, Sebastian and Gál, Tamás},
  journal   = {Journal of Open Source Software},
  title     = {Dr{W}atson: the perfect sidekick for your scientific inquiries},
  year      = {2020},
  number    = {54},
  pages     = {2673},
  volume    = {5},
  doi       = {10.21105/joss.02673},
  publisher = {The Open Journal},
}

@PhdThesis{Mena2007,
  author = {Mena, Hermann},
  school = {Escuela Politécnica Nacional},
  title  = {Numerical solution of differential {R}iccati equations arising in optimal control problems for parabolic partial differential equations},
  year   = {2007},
  url    = {https://citeseerx.ist.psu.edu/viewdoc/download?doi=10.1.1.715.4071&rep=rep1&type=pdf},
}

@Book{HairerWanner2,
  author    = {Hairer, Ernst and Wanner, Gerhard},
  publisher = {Springer Berlin Heidelberg},
  title     = {Solving ordinary differential equations {II}},
  year      = {1996},
  volume    = {375},
}

@Comment{jabref-meta: databaseType:bibtex;}
